@inproceedings{ara_star,
 author = {Likhachev, Maxim and Gordon, Geoffrey J and Thrun, Sebastian},
 booktitle = {Advances in Neural Information Processing Systems},
 editor = {S. Thrun and L. Saul and B. Sch\"{o}lkopf},
 pages = {},
 publisher = {MIT Press},
 title = {ARA$\ast$ : Anytime A$\ast$  with Provable Bounds on Sub-Optimality},
 url = {https://proceedings.neurips.cc/paper_files/paper/2003/file/ee8fe9093fbbb687bef15a38facc44d2-Paper.pdf},
 volume = {16},
 year = {2003}
}
@inproceedings{anytimeD_star,
author = {Likhachev, Maxim and Ferguson, David and Gordon, Geoffrey and Stentz, Anthony and Thrun, Sebastian},
year = {2005},
month = {01},
pages = {262-271},
title = {Anytime Dynamic A$\ast$: An Anytime, Replanning Algorithm.},
booktitle = {Proceedings of the International Conference on Automated Planning and Scheduling (ICAPS)}
}
@inproceedings{D_star_lite,
author = {Koenig, Sven and Likhachev, Maxim},
title = {D$\ast$ lite},
year = {2002},
isbn = {0262511290},
publisher = {American Association for Artificial Intelligence},
address = {USA},
booktitle = {Eighteenth National Conference on Artificial Intelligence},
pages = {476â€“483},
numpages = {8},
location = {Edmonton, Alberta, Canada}
}
